<?xml version="1.0" encoding="UTF-8"?><record xmlns="http://www.loc.gov/MARC21/slim" xmlns:cinclude="http://apache.org/cocoon/include/1.0" xmlns:zs="http://www.loc.gov/zing/srw/">
  <leader>00628nz  a2200157n  4500</leader>
  <controlfield tag="001">no 98097605 </controlfield>
  <controlfield tag="003">DLC</controlfield>
  <controlfield tag="005">19980721051822.3</controlfield>
  <controlfield tag="008">980720n| acannaab|          |a aaa     c</controlfield>
  <datafield tag="010" ind1=" " ind2=" ">
    <subfield code="a">no 98097605 </subfield>
  </datafield>
  <datafield tag="035" ind1=" " ind2=" ">
    <subfield code="a">(OCoLC)oca04774859 </subfield>
  </datafield>
  <datafield tag="040" ind1=" " ind2=" ">
    <subfield code="a">NRU-Mus</subfield>
    <subfield code="c">NRU-Mus</subfield>
  </datafield>
  <datafield tag="100" ind1="1" ind2="0">
    <subfield code="a">Anzaghi, L. O.</subfield>
    <subfield code="q">(Luigi Oreste),</subfield>
    <subfield code="d">1903-1963</subfield>
  </datafield>
  <datafield tag="400" ind1="1" ind2="0">
    <subfield code="a">Anzaghi, Luigi Oreste,</subfield>
    <subfield code="d">1903-1963</subfield>
  </datafield>
  <datafield tag="670" ind1=" " ind2=" ">
    <subfield code="a">Antologia per chitarra, c1959-:</subfield>
    <subfield code="b">v.1, t.p. (L. O. Anzaghi) caption (Luigi Oreste Anzaghi (1903-1963))</subfield>
  </datafield>
  <datafield tag="670" ind1=" " ind2=" ">
    <subfield code="a">OCLC, July 17, 1998</subfield>
    <subfield code="b">(hdg: Anzaghi, L. O. (Luigi Oreste), 1903-; Anzaghi, Luigi Oreste, 1903-; usage: L.O. Anzaghi; Luigi Oreste Anzaghi)</subfield>
  </datafield>
</record>